<?xml version="1.0" encoding="UTF-8"?><collection xmlns="http://www.loc.gov/MARC21/slim"><record><leader>00496nam--2200181-i-4500</leader><controlfield tag="001">000018019</controlfield><controlfield tag="002">20161230</controlfield><controlfield tag="005">20161230201032</controlfield><controlfield tag="008">060222s1000------------r-----000-0-eng-d</controlfield><datafield ind1=" " ind2=" " tag="040"><subfield code="a">IFIN-HH</subfield></datafield><datafield ind1=" " ind2=" " tag="080"><subfield code="a">539.14</subfield></datafield><datafield ind1="1" ind2=" " tag="100"><subfield code="a">Feenberg, Eugene</subfield></datafield><datafield ind1="1" ind2="0" tag="245"><subfield code="a">Shell theory of the nucleus</subfield><subfield code="c">Eugene feenberg</subfield></datafield><datafield ind1=" " ind2=" " tag="260"><subfield code="a">Princeton</subfield><subfield code="b">Princeton University Press</subfield><subfield code="c">1955</subfield></datafield><datafield ind1=" " ind2=" " tag="300"><subfield code="a">XI + 211 P</subfield></datafield><datafield ind1=" " ind2=" " tag="490"><subfield code="a">Investigation In Physics</subfield><subfield code="v">Number 3</subfield></datafield><datafield ind1=" " ind2=" " tag="852"><subfield code="a">10947</subfield><subfield code="c">539.14</subfield></datafield><datafield ind1=" " ind2=" " tag="CAT"><subfield code="a">Sys</subfield><subfield code="c">20120321</subfield><subfield code="h">122000</subfield></datafield></record></collection>